% references.bib - Version optimis√©e (2024-07-31)
@ARTICLE{Planck2018,
   author = {{Planck Collaboration}},
    title = "{Planck 2018 results. VI. Cosmological parameters}",
  journal = {A\&A},
   volume = 641,
    pages = {A6},
     year = 2020,
      doi = {10.1051/0004-6361/201833910},
  archivePrefix = {arXiv},
       eprint = {1807.06209}
}

@ARTICLE{Brout2022,
       author = {{Brout}, Dillon and {Scolnic}, Dan and {Popovic}, Brodie and {Riess}, Adam G. and {Carr}, Anthony and {Zuntz}, Joe and {Kessler}, Rick and {Davis}, Tamara M. and {Hinton}, Samuel and {Jones}, David and {Kenworthy}, W. D'Arcy and {Peterson}, Erik R. and {Said}, Khaled and {Taylor}, Georgie and {Ali}, Noor and {Armstrong}, Patrick and {Charvu}, Pranav and {Dwomoh}, Arianna and {Meldorf}, Cole and {Palmese}, Antonella and {Qu}, Helen and {Rose}, Benjamin M. and {Sanchez}, Bruno and {Stubbs}, Christopher W. and {Vincenzi}, Maria and {Wood}, Charlotte M. and {Brown}, Peter J. and {Chen}, Rebecca and {Chambers}, Ken and {Coulter}, David A. and {Dai}, Mi and {Dimitriadis}, Georgios and {Filippenko}, Alexei V. and {Foley}, Ryan J. and {Jha}, Saurabh W. and {Kelsey}, Lisa and {Kirshner}, Robert P. and {M{\"o}ller}, Anais and {Muir}, Jessie and {Nadathur}, Seshadri and {Pan}, Yen-Chen and {Rest}, Armin and {Rojas-Bravo}, Cesar and {Sako}, Masao and {Siebert}, Matthew R. and {Smith}, Mat and {Stahl}, Benjamin E. and {Wiseman}, Phil},
        title = "{The Pantheon+ Analysis: Cosmological Constraints}",
      journal = {ApJ},
       volume = {938},
       number = {2},
        pages = {110},
         year = 2022,
          doi = {10.3847/1538-4357/ac8e04},
  archivePrefix = {arXiv},
        eprint = {2202.04077},
   primaryClass = {astro-ph.CO}
}

@ARTICLE{Riess2021,
       author = {{Riess}, Adam G. and {Casertano}, Stefano and {Yuan}, Wenlong and {Bowers}, J. Bradley and {Macri}, Lucas and {Zinn}, Joel C. and {Scolnic}, Dan},
        title = "{Cosmic Distances Calibrated to 1\% Precision with Gaia EDR3 Parallaxes and Hubble Space Telescope Photometry of 75 Milky Way Cepheids}",
      journal = {ApJ},
       volume = {908},
       number = {1},
        pages = {L6},
         year = {2021},
          doi = {10.3847/2041-8213/abdbaf},
  archivePrefix = {arXiv},
        eprint = {2012.08534},
   primaryClass = {astro-ph.CO}
}

@ARTICLE{Freedman2019,
       author = {{Freedman}, Wendy L. and {Madore}, Barry F. and {Hatt}, Dylan and {Hoyt}, Taylor J. and {Jang}, In Sung and {Beaton}, Rachael L. and {Burns}, Christopher R. and {Lee}, Myung Gyoon and {Monson}, Andrew J. and {Neeley}, Jillian R. and {Phillips}, M.~M. and {Rich}, Jeffrey A. and {Seibert}, Mark},
        title = "{The Carnegie-Chicago Hubble Program. VIII. An Independent Determination of the Hubble Constant Based on the Tip of the Red Giant Branch}",
      journal = {ApJ},
       volume = {882},
       number = {1},
        pages = {34},
         year = {2019},
          doi = {10.3847/1538-4357/ab2f73},
  archivePrefix = {arXiv},
        eprint = {1907.05922},
   primaryClass = {astro-ph.CO}
}

@ARTICLE{DESI2023,
       author = {{DESI Collaboration}},
        title = "{First detection of the BAO signal from early DESI data}",
      journal = {ApJ Letters},
       volume = {953},
        pages = {L12},
         year = {2023},
          doi = {10.3847/2041-8213/ace102},
  archivePrefix = {arXiv},
        eprint = {2306.06307}
}

@ARTICLE{Jacobson1995,
  author  = {Jacobson, Ted},
  title   = {Thermodynamics of Spacetime: The Einstein Equation of State},
  journal = {Phys. Rev. Lett.},
  volume  = {75},
  pages   = {1260-1263},
  year    = {1995},
  doi     = {10.1103/PhysRevLett.75.1260},
  eprint  = {gr-qc/9504004}
}

@ARTICLE{eBOSS2020,
  author  = {{eBOSS Collaboration}},
  title   = {Completed SDSS-IV extended Baryon Oscillation Spectroscopic Survey: Cosmological Implications},
  journal = {Phys. Rev. D},
  volume  = {103},
  pages   = {083533},
  year    = {2021},
  doi     = {10.1103/PhysRevD.103.083533},
  archivePrefix = {arXiv},
  eprint  = {2007.08991}
}

@ARTICLE{KiDS2022,
  author  = {{KiDS Collaboration}},
  title   = {KiDS-1000: Combined halo-model cosmology constraints with galaxy abundance, galaxy clustering and galaxy-galaxy lensing},
  journal = {A\&A},
  volume  = {681},
  pages   = {A10},
  year    = {2024},
  doi     = {10.1051/0004-6361/202347165},
  archivePrefix = {arXiv},
  eprint  = {2305.17173}
}

@ARTICLE{Sorkin2003,
       author = {{Sorkin}, Rafael D.},
        title = "{Causal Sets: Discrete Gravity}",
      journal = {Lect. Notes Phys.},
       volume = {669},
        pages = {305-327},
         year = {2005},
          doi = {10.1007/11377306_11},
  archivePrefix = {arXiv},
       eprint = {gr-qc/0309009},
   primaryClass = {gr-qc}
}