@book{Nottale1993,
  author = {Nottale, Laurent},
  title = {Fractal Space-Time and Microphysics: Towards a Theory of Scale Relativity},
  publisher = {World Scientific},
  year = {1993}
}
